@misc{cai,
      title={Diagnosing Model Performance Under Distribution Shift}, 
      author={Tiffany Tianhui Cai and Hongseok Namkoong and Steve Yadlowsky},
      year={2023},
      eprint={2303.02011},
      archivePrefix={arXiv},
      primaryClass={stat.ML},
      url={https://arxiv.org/abs/2303.02011}, 
}

@misc{zhang,
      title={"Why did the Model Fail?": Attributing Model Performance Changes to Distribution Shifts}, 
      author={Haoran Zhang and Harvineet Singh and Marzyeh Ghassemi and Shalmali Joshi},
      year={2023},
      eprint={2210.10769},
      archivePrefix={arXiv},
      primaryClass={cs.LG},
      url={https://arxiv.org/abs/2210.10769}, 
}

@misc{flovik,
      title={Quantifying Distribution Shifts and Uncertainties for Enhanced Model Robustness in Machine Learning Applications}, 
      author={Vegard Flovik},
      year={2024},
      eprint={2405.01978},
      archivePrefix={arXiv},
      primaryClass={cs.LG},
      url={https://arxiv.org/abs/2405.01978}, 
}